Date,Year,Quarter,Ticker,MarketCap,Revenue,Revenue_YoY_Growth,Company_Name
2019-09-30,2019,3,CI,39576918844.06787,153743000000,,Cigna
2019-09-30,2019,3,CVS,67704136337.703125,256776000000,,CVS Health
2019-09-30,2019,3,DGX,10736038491.55426,7726000000,,Quest Diagnostics
2019-09-30,2019,3,DVA,4681109654.968262,11388479000,,DaVita
2019-09-30,2019,3,LH,11694685635.140623,11554800000,,LabCorp
2019-12-31,2019,4,CI,53317645241.211914,153743000000,,Cigna
2019-12-31,2019,4,CVS,80352139809.70312,256776000000,,CVS Health
2019-12-31,2019,4,DGX,10766134995.34607,7726000000,,Quest Diagnostics
2019-12-31,2019,4,DVA,6154260619.873047,11388479000,,DaVita
2019-12-31,2019,4,LH,11776129808.015623,11554800000,,LabCorp
2020-03-31,2020,1,CI,46206421397.811035,160577000000,,Cigna
2020-03-31,2020,1,CVS,64604459752.625,268706000000,,CVS Health
2020-03-31,2020,1,DGX,8135874451.446533,9437000000,,Quest Diagnostics
2020-03-31,2020,1,DVA,6238745239.746094,11550604000,,DaVita
2020-03-31,2020,1,LH,8798160688.6875,13978500000,,LabCorp
2020-06-30,2020,2,CI,48936879922.6582,160577000000,,Cigna
2020-06-30,2020,2,CVS,71337868133.39062,268706000000,,CVS Health
2020-06-30,2020,2,DGX,11635096499.061584,9437000000,,Quest Diagnostics
2020-06-30,2020,2,DVA,6491379309.936523,11550604000,,DaVita
2020-06-30,2020,2,LH,11563118633.421877,13978500000,,LabCorp
2020-09-30,2020,3,CI,44180097053.85352,160577000000,,Cigna
2020-09-30,2020,3,CVS,64624736866.625,268706000000,,CVS Health
2020-09-30,2020,3,DGX,11744771657.066343,9437000000,,Quest Diagnostics
2020-09-30,2020,3,DVA,7025355725.158691,11550604000,,DaVita
2020-09-30,2020,3,LH,13105703122.484377,13978500000,,LabCorp
2020-12-31,2020,4,CI,54290866636.65234,160577000000,,Cigna
2020-12-31,2020,4,CVS,76221249086.125,268706000000,,CVS Health
2020-12-31,2020,4,DGX,12285279080.085754,9437000000,,Quest Diagnostics
2020-12-31,2020,4,DVA,9629617725.158691,11550604000,,DaVita
2020-12-31,2020,4,LH,14169364071.28125,13978500000,,LabCorp
2021-03-31,2021,1,CI,63311340664.29199,174272000000,,Cigna
2021-03-31,2021,1,CVS,84516547297.0,292111000000,,CVS Health
2021-03-31,2021,1,DGX,13290451043.128967,10788000000,,Quest Diagnostics
2021-03-31,2021,1,DVA,8839726204.650879,11618797000,,DaVita
2021-03-31,2021,1,LH,17752949793.515625,16120900000,,LabCorp
2021-06-30,2021,2,CI,62334711113.75244,174272000000,,Cigna
2021-06-30,2021,2,CVS,94355085577.59377,292111000000,,CVS Health
2021-06-30,2021,2,DGX,13731784682.807922,10788000000,,Quest Diagnostics
2021-06-30,2021,2,DVA,9878150345.031738,11618797000,,DaVita
2021-06-30,2021,2,LH,19202254312.109375,16120900000,,LabCorp
2021-09-30,2021,3,CI,52873413657.64453,174272000000,,Cigna
2021-09-30,2021,3,CVS,96542008805.9375,292111000000,,CVS Health
2021-09-30,2021,3,DGX,15190485402.832031,10788000000,,Quest Diagnostics
2021-09-30,2021,3,DVA,9536110415.222168,11618797000,,DaVita
2021-09-30,2021,3,LH,19591379449.28125,16120900000,,LabCorp
2021-12-31,2021,4,CI,60963113312.441895,174272000000,,Cigna
2021-12-31,2021,4,CVS,118043151944.65623,292111000000,,CVS Health
2021-12-31,2021,4,DGX,18164792848.66333,10788000000,,Quest Diagnostics
2021-12-31,2021,4,DVA,9331050415.222168,11618797000,,DaVita
2021-12-31,2021,4,LH,21872541190.90625,16120900000,,LabCorp
2022-03-31,2022,1,CI,63913603688.65723,180642000000,,Cigna
2022-03-31,2022,1,CVS,116430823753.5625,321629000000,,CVS Health
2022-03-31,2022,1,DGX,14432187712.32605,9883000000,,Quest Diagnostics
2022-03-31,2022,1,DVA,9277734690.063477,11609894000,,DaVita
2022-03-31,2022,1,LH,18353689904.875,14876800000,,LabCorp
2022-06-30,2022,2,CI,70597441487.20605,180642000000,,Cigna
2022-06-30,2022,2,CVS,107147630693.1875,321629000000,,CVS Health
2022-06-30,2022,2,DGX,14092162704.048157,9883000000,,Quest Diagnostics
2022-06-30,2022,2,DVA,6558638964.904785,11609894000,,DaVita
2022-06-30,2022,2,LH,16361633536.21875,14876800000,,LabCorp
2022-09-30,2022,3,CI,74625193241.3584,180642000000,,Cigna
2022-09-30,2022,3,CVS,110922505411.65623,321629000000,,CVS Health
2022-09-30,2022,3,DGX,13064799221.076963,9883000000,,Quest Diagnostics
2022-09-30,2022,3,DVA,6789126204.650879,11609894000,,DaVita
2022-09-30,2022,3,LH,14338462573.5,14876800000,,LabCorp
2022-12-31,2022,4,CI,89419548877.4707,180642000000,,Cigna
2022-12-31,2022,4,CVS,109041303841.03123,321629000000,,CVS Health
2022-12-31,2022,4,DGX,16748806972.503662,9883000000,,Quest Diagnostics
2022-12-31,2022,4,DVA,6124731929.80957,11609894000,,DaVita
2022-12-31,2022,4,LH,16534061733.921877,14876800000,,LabCorp
2023-03-31,2023,1,CI,69255799798.83398,195187000000,26.96,Cigna
2023-03-31,2023,1,CVS,87550414470.1875,357776000000,39.33,CVS Health
2023-03-31,2023,1,DGX,15215037432.861328,9252000000,19.75,Quest Diagnostics
2023-03-31,2023,1,DVA,6652966690.063477,12140147000,6.6,DaVita
2023-03-31,2023,1,LH,16155595706.25,12161600000,5.25,LabCorp
2023-06-30,2023,2,CI,76408171915.8164,195187000000,26.96,Cigna
2023-06-30,2023,2,CVS,82116915990.6875,357776000000,39.33,CVS Health
2023-06-30,2023,2,DGX,15191359098.129272,9252000000,19.75,Quest Diagnostics
2023-06-30,2023,2,DVA,8240951380.126953,12140147000,6.6,DaVita
2023-06-30,2023,2,LH,17050710762.3125,12161600000,5.25,LabCorp
2023-09-30,2023,3,CI,78245545254.96973,195187000000,26.96,Cigna
2023-09-30,2023,3,CVS,83616673556.0,357776000000,39.33,CVS Health
2023-09-30,2023,3,DGX,13237932248.039246,9252000000,19.75,Quest Diagnostics
2023-09-30,2023,3,DVA,7753728619.873047,12140147000,6.6,DaVita
2023-09-30,2023,3,LH,16589889330.421877,12161600000,5.25,LabCorp
2023-12-31,2023,4,CI,82290197723.44922,195187000000,26.96,Cigna
2023-12-31,2023,4,CVS,95374432995.96877,357776000000,39.33,CVS Health
2023-12-31,2023,4,DGX,15065483960.266111,9252000000,19.75,Quest Diagnostics
2023-12-31,2023,4,DVA,8592834415.222168,12140147000,6.6,DaVita
2023-12-31,2023,4,LH,18819780908.5,12161600000,5.25,LabCorp
