Date,Year,Quarter,Ticker,MarketCap,Revenue,Revenue_YoY_Growth,Company_Name
2019-09-30,2019,3,BKNG,64491764197.65625,15066000000,,Booking Holdings
2019-09-30,2019,3,CCL,49295378902.58789,20825000000,,Carnival
2019-09-30,2019,3,EXPE,16389077866.42456,12067000000,,Expedia Group
2019-09-30,2019,3,HLT,22413675024.261475,9452000000,,Hilton Worldwide
2019-09-30,2019,3,MAR,33478655310.36914,20972000000,,Marriott International
2019-09-30,2019,3,NCLH,22763683361.28235,6462376000,,Norwegian Cruise Line Holdings
2019-09-30,2019,3,RCL,28597802434.177734,10950661000,,Royal Caribbean Group
2019-12-31,2019,4,BKNG,67485981275.78125,15066000000,,Booking Holdings
2019-12-31,2019,4,CCL,57989147747.49756,20825000000,,Carnival
2019-12-31,2019,4,EXPE,13232913212.08191,12067000000,,Expedia Group
2019-12-31,2019,4,HLT,26738822715.4541,9452000000,,Hilton Worldwide
2019-12-31,2019,4,MAR,40907759954.39453,20972000000,,Marriott International
2019-12-31,2019,4,NCLH,25683344212.905884,6462376000,,Norwegian Cruise Line Holdings
2019-12-31,2019,4,RCL,35461805662.50781,10950661000,,Royal Caribbean Group
2020-03-31,2020,1,BKNG,44207482780.79834,6796000000,,Booking Holdings
2020-03-31,2020,1,CCL,15200287288.05542,5594000000,,Carnival
2020-03-31,2020,1,EXPE,6911250266.223907,5199000000,,Expedia Group
2020-03-31,2020,1,HLT,16476938655.853271,4307000000,,Hilton Worldwide
2020-03-31,2020,1,MAR,20290435087.012695,10571000000,,Marriott International
2020-03-31,2020,1,NCLH,4819199696.773529,1279908000,,Norwegian Cruise Line Holdings
2020-03-31,2020,1,RCL,8629541658.623047,2208805000,,Royal Caribbean Group
2020-06-30,2020,2,BKNG,52324614100.90332,6796000000,,Booking Holdings
2020-06-30,2020,2,CCL,18951307288.05542,5594000000,,Carnival
2020-06-30,2020,2,EXPE,10096050225.17395,5199000000,,Expedia Group
2020-06-30,2020,2,HLT,17734918744.354248,4307000000,,Hilton Worldwide
2020-06-30,2020,2,MAR,23252230519.501953,10571000000,,Marriott International
2020-06-30,2020,2,NCLH,7224402574.188232,1279908000,,Norwegian Cruise Line Holdings
2020-06-30,2020,2,RCL,13492879291.02246,2208805000,,Royal Caribbean Group
2020-09-30,2020,3,BKNG,56213286465.05127,6796000000,,Booking Holdings
2020-09-30,2020,3,CCL,17520149152.22168,5594000000,,Carnival
2020-09-30,2020,3,EXPE,11261641169.86084,5199000000,,Expedia Group
2020-09-30,2020,3,HLT,20601000209.198,4307000000,,Hilton Worldwide
2020-09-30,2020,3,MAR,25110128946.081055,10571000000,,Marriott International
2020-09-30,2020,3,NCLH,7523404148.376465,1279908000,,Norwegian Cruise Line Holdings
2020-09-30,2020,3,RCL,17363700295.189453,2208805000,,Royal Caribbean Group
2020-12-31,2020,4,ABNB,63546343746.63574,3378199000,,Airbnb
2020-12-31,2020,4,BKNG,73188544301.83105,6796000000,,Booking Holdings
2020-12-31,2020,4,CCL,24999105423.88916,5594000000,,Carnival
2020-12-31,2020,4,EXPE,16261764450.3479,5199000000,,Expedia Group
2020-12-31,2020,4,HLT,26864359967.193604,4307000000,,Hilton Worldwide
2020-12-31,2020,4,MAR,35780172906.20703,10571000000,,Marriott International
2020-12-31,2020,4,NCLH,11181774574.188232,1279908000,,Norwegian Cruise Line Holdings
2020-12-31,2020,4,RCL,20035452859.958984,2208805000,,Royal Caribbean Group
2021-03-31,2021,1,ABNB,81354902933.3086,5992000000,,Airbnb
2021-03-31,2021,1,BKNG,76559010095.4834,10958000000,,Booking Holdings
2021-03-31,2021,1,CCL,30631407456.66504,1908000000,,Carnival
2021-03-31,2021,1,EXPE,21140294160.27832,8598000000,,Expedia Group
2021-03-31,2021,1,HLT,29196823022.003178,5788000000,,Hilton Worldwide
2021-03-31,2021,1,MAR,40171324020.166016,13857000000,,Marriott International
2021-03-31,2021,1,NCLH,12131543787.094116,647986000,,Norwegian Cruise Line Holdings
2021-03-31,2021,1,RCL,22964720036.958984,1532133000,,Royal Caribbean Group
2021-06-30,2021,2,ABNB,66290782290.67285,5992000000,,Airbnb
2021-06-30,2021,2,BKNG,71901077823.68164,10958000000,,Booking Holdings
2021-06-30,2021,2,CCL,30423658304.44336,1908000000,,Carnival
2021-06-30,2021,2,EXPE,20107354154.61731,8598000000,,Expedia Group
2021-06-30,2021,2,HLT,29124383878.326416,5788000000,,Hilton Worldwide
2021-06-30,2021,2,MAR,37027820679.9668,13857000000,,Marriott International
2021-06-30,2021,2,NCLH,12931812212.905884,647986000,,Norwegian Cruise Line Holdings
2021-06-30,2021,2,RCL,22876197978.69922,1532133000,,Royal Caribbean Group
2021-09-30,2021,3,ABNB,72615115408.0,5992000000,,Airbnb
2021-09-30,2021,3,BKNG,78005851405.3711,10958000000,,Booking Holdings
2021-09-30,2021,3,CCL,28865541864.16626,1908000000,,Carnival
2021-09-30,2021,3,EXPE,20130688950.3479,8598000000,,Expedia Group
2021-09-30,2021,3,HLT,31898707482.60498,5788000000,,Hilton Worldwide
2021-09-30,2021,3,MAR,40165892182.35547,13857000000,,Marriott International
2021-09-30,2021,3,NCLH,11744600277.435305,647986000,,Norwegian Cruise Line Holdings
2021-09-30,2021,3,RCL,23860669198.44336,1532133000,,Royal Caribbean Group
2021-12-31,2021,4,ABNB,72069692775.94434,5992000000,,Airbnb
2021-12-31,2021,4,BKNG,78839183647.65625,10958000000,,Booking Holdings
2021-12-31,2021,4,CCL,23221700168.60962,1908000000,,Carnival
2021-12-31,2021,4,EXPE,22196572709.93042,8598000000,,Expedia Group
2021-12-31,2021,4,HLT,37664675841.97998,5788000000,,Hilton Worldwide
2021-12-31,2021,4,MAR,44817432286.37695,13857000000,,Marriott International
2021-12-31,2021,4,NCLH,9119543819.358826,647986000,,Norwegian Cruise Line Holdings
2021-12-31,2021,4,RCL,20628279666.5,1532133000,,Royal Caribbean Group
2022-03-31,2022,1,ABNB,74350949768.05566,8399000000,,Airbnb
2022-03-31,2022,1,BKNG,77170539502.0752,17090000000,,Booking Holdings
2022-03-31,2022,1,CCL,23337114407.50122,12169000000,,Carnival
2022-03-31,2022,1,EXPE,24032776185.10437,11667000000,,Expedia Group
2022-03-31,2022,1,HLT,36638494317.62695,8773000000,,Hilton Worldwide
2022-03-31,2022,1,MAR,47668014973.99805,20773000000,,Marriott International
2022-03-31,2022,1,NCLH,9620810670.98236,4843760000,,Norwegian Cruise Line Holdings
2022-03-31,2022,1,RCL,22473827037.96289,8840540000,,Royal Caribbean Group
2022-06-30,2022,2,ABNB,38560683239.981445,8399000000,,Airbnb
2022-06-30,2022,2,BKNG,57472160982.03125,17090000000,,Booking Holdings
2022-06-30,2022,2,CCL,9983483559.7229,12169000000,,Carnival
2022-06-30,2022,2,EXPE,11647305314.89563,11667000000,,Expedia Group
2022-06-30,2022,2,HLT,26938495334.014893,8773000000,,Hilton Worldwide
2022-06-30,2022,2,MAR,36957363679.91992,20773000000,,Marriott International
2022-06-30,2022,2,NCLH,4889552909.679413,4843760000,,Norwegian Cruise Line Holdings
2022-06-30,2022,2,RCL,9364541623.271484,8840540000,,Royal Caribbean Group
2022-09-30,2022,3,ABNB,45469399635.99072,8399000000,,Airbnb
2022-09-30,2022,3,BKNG,53996207537.37793,17090000000,,Booking Holdings
2022-09-30,2022,3,CCL,8113745042.152405,12169000000,,Carnival
2022-09-30,2022,3,EXPE,11507287169.86084,11667000000,,Expedia Group
2022-09-30,2022,3,HLT,29190432426.9104,8773000000,,Hilton Worldwide
2022-09-30,2022,3,MAR,38148428749.74219,20773000000,,Marriott International
2022-09-30,2022,3,NCLH,4995082729.038239,4843760000,,Norwegian Cruise Line Holdings
2022-09-30,2022,3,RCL,10166603411.375977,8840540000,,Royal Caribbean Group
2022-12-31,2022,4,ABNB,37010982816.0,8399000000,,Airbnb
2022-12-31,2022,4,BKNG,66222505056.98242,17090000000,,Booking Holdings
2022-12-31,2022,4,CCL,9302530084.30481,12169000000,,Carnival
2022-12-31,2022,4,EXPE,10759294612.586975,11667000000,,Expedia Group
2022-12-31,2022,4,HLT,30614634944.000244,8773000000,,Hilton Worldwide
2022-12-31,2022,4,MAR,40631567326.92383,20773000000,,Marriott International
2022-12-31,2022,4,NCLH,5382025819.358826,4843760000,,Norwegian Cruise Line Holdings
2022-12-31,2022,4,RCL,13259503981.28711,8840540000,,Royal Caribbean Group
2023-03-31,2023,1,ABNB,53849898465.31787,9917000000,106.38,Airbnb
2023-03-31,2023,1,BKNG,87158721165.67383,21365000000,41.81,Booking Holdings
2023-03-31,2023,1,CCL,11714723559.7229,21593000000,3.69,Carnival
2023-03-31,2023,1,EXPE,11917515540.06958,12839000000,6.4,Expedia Group
2023-03-31,2023,1,HLT,34165523725.891113,10235000000,8.28,Hilton Worldwide
2023-03-31,2023,1,MAR,45418241887.76367,23713000000,13.07,Marriott International
2023-03-31,2023,1,NCLH,5914072516.132355,8549924000,32.3,Norwegian Cruise Line Holdings
2023-03-31,2023,1,RCL,17516602032.183594,13900000000,26.93,Royal Caribbean Group
2023-06-30,2023,2,ABNB,55477516879.96289,9917000000,106.38,Airbnb
2023-06-30,2023,2,BKNG,88733392015.1123,21365000000,41.81,Booking Holdings
2023-06-30,2023,2,CCL,21732832711.94458,21593000000,3.69,Carnival
2023-06-30,2023,2,EXPE,13435607895.03479,12839000000,6.4,Expedia Group
2023-06-30,2023,2,HLT,35337338654.47998,10235000000,8.28,Hilton Worldwide
2023-06-30,2023,2,MAR,50401959439.40625,23713000000,13.07,Marriott International
2023-06-30,2023,2,NCLH,9572443361.282349,8549924000,32.3,Norwegian Cruise Line Holdings
2023-06-30,2023,2,RCL,27828058695.035156,13900000000,26.93,Royal Caribbean Group
2023-09-30,2023,3,ABNB,59395054978.59863,9917000000,106.38,Airbnb
2023-09-30,2023,3,BKNG,101339218831.34766,21365000000,41.81,Booking Holdings
2023-09-30,2023,3,CCL,15835075508.19397,21593000000,3.69,Carnival
2023-09-30,2023,3,EXPE,12659366572.517397,12839000000,6.4,Expedia Group
2023-09-30,2023,3,HLT,36497960742.1875,10235000000,8.28,Hilton Worldwide
2023-09-30,2023,3,MAR,54069798380.2793,23713000000,13.07,Marriott International
2023-09-30,2023,3,NCLH,7246387638.717651,8549924000,32.3,Norwegian Cruise Line Holdings
2023-09-30,2023,3,RCL,24716381060.71875,13900000000,26.93,Royal Caribbean Group
2023-12-31,2023,4,ABNB,58931873426.67285,9917000000,106.38,Airbnb
2023-12-31,2023,4,BKNG,116562359510.00977,21365000000,41.81,Booking Holdings
2023-12-31,2023,4,CCL,21398127456.66504,21593000000,3.69,Carnival
2023-12-31,2023,4,EXPE,18643302345.38269,12839000000,6.4,Expedia Group
2023-12-31,2023,4,HLT,44293117873.53516,10235000000,8.28,Hilton Worldwide
2023-12-31,2023,4,MAR,62189628410.83789,23713000000,13.07,Marriott International
2023-12-31,2023,4,NCLH,8811748722.564697,8549924000,32.3,Norwegian Cruise Line Holdings
2023-12-31,2023,4,RCL,34735450101.57422,13900000000,26.93,Royal Caribbean Group
