Date,Year,Quarter,Ticker,MarketCap,Revenue,Revenue_YoY_Growth,Company_Name
2019-09-30,2019,3,CTSH,27749936435.2417,16783000000,,Cognizant
2019-09-30,2019,3,EPAM,10341446063.43994,2293798000,,EPAM Systems
2019-09-30,2019,3,IBM,100682786667.27148,77147000000,,IBM
2019-09-30,2019,3,IT,11029434552.671389,4245321000,,Gartner
2019-12-31,2019,4,CTSH,28646079151.672363,16783000000,,Cognizant
2019-12-31,2019,4,EPAM,12034012431.71997,2293798000,,EPAM Systems
2019-12-31,2019,4,IBM,93899846321.75195,77147000000,,IBM
2019-12-31,2019,4,IT,11886396717.19043,4245321000,,Gartner
2020-03-31,2020,1,ACN,95154072044.55566,44327039000,,Accenture
2020-03-31,2020,1,CTSH,21531820709.594727,16652000000,,Cognizant
2020-03-31,2020,1,EPAM,10530895331.71997,2659478000,,EPAM Systems
2020-03-31,2020,1,IBM,78521944472.18848,73620000000,,IBM
2020-03-31,2020,1,IT,7680262625.7404785,4099444000,,Gartner
2020-06-30,2020,2,ACN,125711567023.55956,44327039000,,Accenture
2020-06-30,2020,2,CTSH,26436938330.810547,16652000000,,Cognizant
2020-06-30,2020,2,EPAM,14294359702.420044,2659478000,,EPAM Systems
2020-06-30,2020,2,IBM,86633688106.1914,73620000000,,IBM
2020-06-30,2020,2,IT,9358705245.557129,4099444000,,Gartner
2020-09-30,2020,3,ACN,132794533273.31544,44327039000,,Accenture
2020-09-30,2020,3,CTSH,32405990182.617188,16652000000,,Cognizant
2020-09-30,2020,3,EPAM,18336894122.76001,2659478000,,EPAM Systems
2020-09-30,2020,3,IBM,88422076751.87402,73620000000,,IBM
2020-09-30,2020,3,IT,9637931049.404783,4099444000,,Gartner
2020-12-31,2020,4,ACN,154091304977.53906,44327039000,,Accenture
2020-12-31,2020,4,CTSH,38364733803.83301,16652000000,,Cognizant
2020-12-31,2020,4,EPAM,20326114036.19995,2659478000,,EPAM Systems
2020-12-31,2020,4,IBM,92808151209.12695,73620000000,,IBM
2020-12-31,2020,4,IT,12356144346.076172,4099444000,,Gartner
2021-03-31,2021,1,ACN,163520475074.70703,50533389000,,Accenture
2021-03-31,2021,1,CTSH,36687416350.46387,18507000000,,Cognizant
2021-03-31,2021,1,EPAM,22500812304.47998,3758144000,,EPAM Systems
2021-03-31,2021,1,IBM,99562139962.79492,57351000000,,IBM
2021-03-31,2021,1,IT,14080867430.595217,4733939000,,Gartner
2021-06-30,2021,2,ACN,175034869428.95508,50533389000,,Accenture
2021-06-30,2021,2,CTSH,32636875633.666992,18507000000,,Cognizant
2021-06-30,2021,2,EPAM,28982366059.32007,3758144000,,EPAM Systems
2021-06-30,2021,2,IBM,110745030930.57031,57351000000,,IBM
2021-06-30,2021,2,IT,18681928193.404785,4733939000,,Gartner
2021-09-30,2021,3,ACN,190492294308.59375,50533389000,,Accenture
2021-09-30,2021,3,CTSH,35079237807.37305,18507000000,,Cognizant
2021-09-30,2021,3,EPAM,32358423164.160156,3758144000,,EPAM Systems
2021-09-30,2021,3,IBM,106166467892.6006,57351000000,,IBM
2021-09-30,2021,3,IT,23439572676.152344,4733939000,,Gartner
2021-12-31,2021,4,ACN,247571349125.97656,50533389000,,Accenture
2021-12-31,2021,4,CTSH,42062789776.97754,18507000000,,Cognizant
2021-12-31,2021,4,EPAM,37915420522.3999,3758144000,,EPAM Systems
2021-12-31,2021,4,IBM,108263377229.8125,57351000000,,IBM
2021-12-31,2021,4,IT,25787541078.228516,4733939000,,Gartner
2022-03-31,2022,1,ACN,201917597865.9668,61594305000,,Accenture
2022-03-31,2022,1,CTSH,42641945891.35742,19428000000,,Cognizant
2022-03-31,2022,1,EPAM,16824133623.120115,4824698000,,EPAM Systems
2022-03-31,2022,1,IBM,106583564108.05469,60530000000,,IBM
2022-03-31,2022,1,IT,22944369408.7334,5475829000,,Gartner
2022-06-30,2022,2,ACN,166738880111.8164,61594305000,,Accenture
2022-06-30,2022,2,CTSH,32218263117.91992,19428000000,,Cognizant
2022-06-30,2022,2,EPAM,16720334222.76001,4824698000,,EPAM Systems
2022-06-30,2022,2,IBM,117144129886.16896,60530000000,,IBM
2022-06-30,2022,2,IT,18653388877.55713,5475829000,,Gartner
2022-09-30,2022,3,ACN,155067594804.80957,61594305000,,Accenture
2022-09-30,2022,3,CTSH,27528489162.29248,19428000000,,Cognizant
2022-09-30,2022,3,EPAM,20543924004.47998,4824698000,,EPAM Systems
2022-09-30,2022,3,IBM,99817625062.81836,60530000000,,IBM
2022-09-30,2022,3,IT,21342290762.07617,5475829000,,Gartner
2022-12-31,2022,4,ACN,161532236218.50586,61594305000,,Accenture
2022-12-31,2022,4,CTSH,27533805939.575195,19428000000,,Cognizant
2022-12-31,2022,4,EPAM,18589871082.08008,4824698000,,EPAM Systems
2022-12-31,2022,4,IBM,119779310266.6211,60530000000,,IBM
2022-12-31,2022,4,IT,25927926076.45703,5475829000,,Gartner
2023-03-31,2023,1,ACN,173723468916.9922,64111745000,,Accenture
2023-03-31,2023,1,CTSH,29461679595.947266,19353000000,15.31,Cognizant
2023-03-31,2023,1,EPAM,16959698600.0,4690540000,104.49,EPAM Systems
2023-03-31,2023,1,IBM,112816649951.80078,61860000000,-19.82,IBM
2023-03-31,2023,1,IT,25128041366.657227,5906956000,39.14,Gartner
2023-06-30,2023,2,ACN,188300264068.35938,64111745000,,Accenture
2023-06-30,2023,2,CTSH,31711582375.97656,19353000000,15.31,Cognizant
2023-06-30,2023,2,EPAM,12748134650.0,4690540000,104.49,EPAM Systems
2023-06-30,2023,2,IBM,116727746173.34082,61860000000,-19.82,IBM
2023-06-30,2023,2,IT,27020917845.92383,5906956000,39.14,Gartner
2023-09-30,2023,3,ACN,188083372218.26172,64111745000,,Accenture
2023-09-30,2023,3,CTSH,33045323666.625977,19353000000,15.31,Cognizant
2023-09-30,2023,3,EPAM,14503094904.47998,4690540000,104.49,EPAM Systems
2023-09-30,2023,3,IBM,123797655769.57422,61860000000,-19.82,IBM
2023-09-30,2023,3,IT,26504117067.54297,5906956000,39.14,Gartner
2023-12-31,2023,4,ACN,215799152999.51172,64111745000,,Accenture
2023-12-31,2023,4,CTSH,36999803022.82715,19353000000,15.31,Cognizant
2023-12-31,2023,4,EPAM,16865540868.28003,4690540000,104.49,EPAM Systems
2023-12-31,2023,4,IBM,145949616372.51758,61860000000,-19.82,IBM
2023-12-31,2023,4,IT,34796054747.54297,5906956000,39.14,Gartner
