Date,Year,Quarter,Ticker,MarketCap,Revenue,Revenue_YoY_Growth,Company_Name
2019-09-30,2019,3,BMY,85490133024.4082,26145000000,,Bristol Myers Squibb
2019-09-30,2019,3,JNJ,271448199719.89453,82059000000,,Johnson & Johnson
2019-09-30,2019,3,LLY,99096507674.042,22319500000,,Lilly (Eli)
2019-09-30,2019,3,MRK,174547452238.91016,46840000000,,Merck & Co.
2019-09-30,2019,3,PFE,154460154713.90625,51750000000,,Pfizer
2019-09-30,2019,3,VTRS,20464342689.484375,11500500000,,Viatris
2019-09-30,2019,3,ZTS,54074973674.595215,6260000000,,Zoetis
2019-12-31,2019,4,BMY,109124761524.49414,26145000000,,Bristol Myers Squibb
2019-12-31,2019,4,JNJ,308165655254.3789,82059000000,,Johnson & Johnson
2019-12-31,2019,4,LLY,117134611957.3623,22319500000,,Lilly (Eli)
2019-12-31,2019,4,MRK,189878164153.59375,46840000000,,Merck & Co.
2019-12-31,2019,4,PFE,170059509930.0,51750000000,,Pfizer
2019-12-31,2019,4,VTRS,20795409292.776367,11500500000,,Viatris
2019-12-31,2019,4,ZTS,57516617827.39746,6260000000,,Zoetis
2020-03-31,2020,1,BMY,95428519701.17578,42518000000,,Bristol Myers Squibb
2020-03-31,2020,1,CTLT,9429548538.482666,3094300000,,Catalent
2020-03-31,2020,1,LLY,124272494327.32031,24539800000,,Lilly (Eli)
2020-03-31,2020,1,MRK,161956244340.0,41518000000,,Merck & Co.
2020-03-31,2020,1,PFE,143120024275.13672,41908000000,,Pfizer
2020-03-31,2020,1,VTRS,15425850111.968262,11946000000,,Viatris
2020-03-31,2020,1,ZTS,51219625092.83301,6675000000,,Zoetis
2020-06-30,2020,2,BMY,101500525839.19922,42518000000,,Bristol Myers Squibb
2020-06-30,2020,2,CTLT,13304830153.930664,3094300000,,Catalent
2020-06-30,2020,2,LLY,147773279283.6797,24539800000,,Lilly (Eli)
2020-06-30,2020,2,MRK,164071096819.45312,41518000000,,Merck & Co.
2020-06-30,2020,2,PFE,144812021090.15625,41908000000,,Pfizer
2020-06-30,2020,2,VTRS,16636327889.53955,11946000000,,Viatris
2020-06-30,2020,2,ZTS,59737402049.34082,6675000000,,Zoetis
2020-09-30,2020,3,BMY,104866615693.16406,42518000000,,Bristol Myers Squibb
2020-09-30,2020,3,CTLT,15548318584.716797,3094300000,,Catalent
2020-09-30,2020,3,LLY,133877597272.10156,24539800000,,Lilly (Eli)
2020-09-30,2020,3,MRK,177275009789.22656,41518000000,,Merck & Co.
2020-09-30,2020,3,PFE,164114525087.83203,41908000000,,Pfizer
2020-09-30,2020,3,VTRS,15343082322.84912,11946000000,,Viatris
2020-09-30,2020,3,ZTS,72187816871.67773,6675000000,,Zoetis
2020-12-31,2020,4,BMY,109571567070.88086,42518000000,,Bristol Myers Squibb
2020-12-31,2020,4,CTLT,18889953784.606937,3094300000,,Catalent
2020-12-31,2020,4,LLY,153493003594.5996,24539800000,,Lilly (Eli)
2020-12-31,2020,4,MRK,176197897935.98438,41518000000,,Merck & Co.
2020-12-31,2020,4,PFE,175279410412.91016,41908000000,,Pfizer
2020-12-31,2020,4,VTRS,19388359154.34326,11946000000,,Viatris
2020-12-31,2020,4,ZTS,72334987971.51562,6675000000,,Zoetis
2021-03-31,2021,1,BMY,112384469105.50977,46385000000,,Bristol Myers Squibb
2021-03-31,2021,1,CTLT,19115028276.85547,3998000000,,Catalent
2021-03-31,2021,1,JNJ,358869779593.1719,82584000000,,Johnson & Johnson
2021-03-31,2021,1,LLY,170547968472.64453,28318400000,,Lilly (Eli)
2021-03-31,2021,1,MRK,167511427976.0039,48704000000,,Merck & Co.
2021-03-31,2021,1,PFE,174394364761.01562,81288000000,,Pfizer
2021-03-31,2021,1,VTRS,14453328589.81836,17886300000,,Viatris
2021-03-31,2021,1,ZTS,68936359938.89941,7776000000,,Zoetis
2021-06-30,2021,2,BMY,118953431327.61131,46385000000,,Bristol Myers Squibb
2021-06-30,2021,2,CTLT,19625077938.5376,3998000000,,Catalent
2021-06-30,2021,2,JNJ,361965600788.6953,82584000000,,Johnson & Johnson
2021-06-30,2021,2,LLY,210454713902.9004,28318400000,,Lilly (Eli)
2021-06-30,2021,2,MRK,178622818127.9297,48704000000,,Merck & Co.
2021-06-30,2021,2,PFE,190355408251.60156,81288000000,,Pfizer
2021-06-30,2021,2,VTRS,14889455373.885742,17886300000,,Viatris
2021-06-30,2021,2,ZTS,81700000407.7666,7776000000,,Zoetis
2021-09-30,2021,3,BMY,106977688728.2461,46385000000,,Bristol Myers Squibb
2021-09-30,2021,3,CTLT,24153803169.433594,3998000000,,Catalent
2021-09-30,2021,3,JNJ,356955285176.9297,82584000000,,Johnson & Johnson
2021-09-30,2021,3,LLY,212541670681.7344,28318400000,,Lilly (Eli)
2021-09-30,2021,3,MRK,174059326222.20703,48704000000,,Merck & Co.
2021-09-30,2021,3,PFE,210963684528.28125,81288000000,,Pfizer
2021-09-30,2021,3,VTRS,14224931745.402344,17886300000,,Viatris
2021-09-30,2021,3,ZTS,85218434720.22559,7776000000,,Zoetis
2021-12-31,2021,4,BMY,112727050971.97656,46385000000,,Bristol Myers Squibb
2021-12-31,2021,4,CTLT,23238981138.427734,3998000000,,Catalent
2021-12-31,2021,4,JNJ,380584061741.9531,82584000000,,Johnson & Johnson
2021-12-31,2021,4,LLY,254918338216.17188,28318400000,,Lilly (Eli)
2021-12-31,2021,4,MRK,179289870931.79297,48704000000,,Merck & Co.
2021-12-31,2021,4,PFE,292182147409.2578,81288000000,,Pfizer
2021-12-31,2021,4,VTRS,14324401753.821531,17886300000,,Viatris
2021-12-31,2021,4,ZTS,107245751738.46877,7776000000,,Zoetis
2022-03-31,2022,1,BMY,134176115635.23828,46159000000,,Bristol Myers Squibb
2022-03-31,2022,1,CTLT,20129681076.965332,4828000000,,Catalent
2022-03-31,2022,1,JNJ,396819369685.7578,78740000000,,Johnson & Johnson
2022-03-31,2022,1,LLY,265388857622.0156,28541400000,,Lilly (Eli)
2022-03-31,2022,1,MRK,193653343736.1211,59283000000,,Merck & Co.
2022-03-31,2022,1,PFE,258108003305.03903,100330000000,,Pfizer
2022-03-31,2022,1,VTRS,11614600137.611328,16262700000,,Viatris
2022-03-31,2022,1,ZTS,83014200190.67676,8080000000,,Zoetis
2022-06-30,2022,2,BMY,142452795734.7539,46159000000,,Bristol Myers Squibb
2022-06-30,2022,2,CTLT,19474422646.1792,4828000000,,Catalent
2022-06-30,2022,2,JNJ,400000237886.3203,78740000000,,Johnson & Johnson
2022-06-30,2022,2,LLY,301487576519.0742,28541400000,,Lilly (Eli)
2022-06-30,2022,2,MRK,216939262967.54297,59283000000,,Merck & Co.
2022-06-30,2022,2,PFE,263530257687.5,100330000000,,Pfizer
2022-06-30,2022,2,VTRS,11291747479.28418,16262700000,,Viatris
2022-06-30,2022,2,ZTS,75795615392.52832,8080000000,,Zoetis
2022-09-30,2022,3,BMY,131519081038.48828,46159000000,,Bristol Myers Squibb
2022-09-30,2022,3,CTLT,13134208430.786133,4828000000,,Catalent
2022-09-30,2022,3,JNJ,370588044554.4375,78740000000,,Johnson & Johnson
2022-09-30,2022,3,LLY,301650885055.1953,28541400000,,Lilly (Eli)
2022-09-30,2022,3,MRK,206574787451.5664,59283000000,,Merck & Co.
2022-09-30,2022,3,PFE,221658727467.5,100330000000,,Pfizer
2022-09-30,2022,3,VTRS,9296486224.062256,16262700000,,Viatris
2022-09-30,2022,3,ZTS,65509086619.23926,8080000000,,Zoetis
2022-12-31,2022,4,BMY,134123752346.26952,46159000000,,Bristol Myers Squibb
2022-12-31,2022,4,CTLT,8169854815.338135,4828000000,,Catalent
2022-12-31,2022,4,JNJ,403323463384.7344,78740000000,,Johnson & Johnson
2022-12-31,2022,4,LLY,342241530247.3711,28541400000,,Lilly (Eli)
2022-12-31,2022,4,MRK,267897442114.08984,59283000000,,Merck & Co.
2022-12-31,2022,4,PFE,261771904877.10938,100330000000,,Pfizer
2022-12-31,2022,4,VTRS,12277198907.317629,16262700000,,Viatris
2022-12-31,2022,4,ZTS,64877988469.953125,8080000000,,Zoetis
2023-03-31,2023,1,BMY,130224637015.02734,45006000000,72.14,Bristol Myers Squibb
2023-03-31,2023,1,CTLT,11927153353.8208,4276000000,,Catalent
2023-03-31,2023,1,JNJ,356438023046.9297,79990000000,,Johnson & Johnson
2023-03-31,2023,1,LLY,322307111693.9883,34124100000,52.89,Lilly (Eli)
2023-03-31,2023,1,MRK,258672975916.5,60115000000,28.34,Merck & Co.
2023-03-31,2023,1,PFE,210350191518.78903,58496000000,13.04,Pfizer
2023-03-31,2023,1,VTRS,10731577149.67163,15426900000,34.14,Viatris
2023-03-31,2023,1,ZTS,73856478847.47559,8544000000,36.49,Zoetis
2023-06-30,2023,2,BMY,121142863610.7246,45006000000,72.14,Bristol Myers Squibb
2023-06-30,2023,2,CTLT,7870360430.786133,4276000000,,Catalent
2023-06-30,2023,2,JNJ,383501633231.8828,85159000000,,Johnson & Johnson
2023-06-30,2023,2,LLY,441292807222.1016,34124100000,52.89,Lilly (Eli)
2023-06-30,2023,2,MRK,282429709404.5039,60115000000,28.34,Merck & Co.
2023-06-30,2023,2,PFE,191155225523.71097,58496000000,13.04,Pfizer
2023-06-30,2023,2,VTRS,11276059481.847168,15426900000,34.14,Viatris
2023-06-30,2023,2,ZTS,76580989168.5039,8544000000,36.49,Zoetis
2023-09-30,2023,3,BMY,110924115157.60352,45006000000,72.14,Bristol Myers Squibb
2023-09-30,2023,3,CTLT,8264241138.427734,4276000000,,Catalent
2023-09-30,2023,3,JNJ,363485095032.9375,85159000000,,Johnson & Johnson
2023-09-30,2023,3,LLY,506502829864.5469,34124100000,52.89,Lilly (Eli)
2023-09-30,2023,3,MRK,253699289864.0508,60115000000,28.34,Merck & Co.
2023-09-30,2023,3,PFE,174789031068.0664,58496000000,13.04,Pfizer
2023-09-30,2023,3,VTRS,11261568971.952148,15426900000,34.14,Viatris
2023-09-30,2023,3,ZTS,77538255319.4375,8544000000,36.49,Zoetis
2023-12-31,2023,4,BMY,99057246110.59766,45006000000,72.14,Bristol Myers Squibb
2023-12-31,2023,4,CTLT,8155334215.393066,4276000000,,Catalent
2023-12-31,2023,4,JNJ,368724872240.15625,85159000000,,Johnson & Johnson
2023-12-31,2023,4,LLY,550697532502.0078,34124100000,52.89,Lilly (Eli)
2023-12-31,2023,4,MRK,270602882298.6328,60115000000,28.34,Merck & Co.
2023-12-31,2023,4,PFE,153754072446.17188,58496000000,13.04,Pfizer
2023-12-31,2023,4,VTRS,12529745842.69458,15426900000,34.14,Viatris
2023-12-31,2023,4,ZTS,88173153740.78516,8544000000,36.49,Zoetis
2024-03-31,2024,1,CTLT,10246352538.482666,4381000000,41.58,Catalent
2024-06-30,2024,2,CTLT,10206419676.9104,4381000000,41.58,Catalent
2024-09-30,2024,3,CTLT,10950619292.358398,4381000000,41.58,Catalent
