Date,Year,Quarter,Ticker,MarketCap,Revenue,Revenue_YoY_Growth,Company_Name
2019-09-30,2019,3,CMG,22904320300.1167,5586369000,,Chipotle Mexican Grill
2019-09-30,2019,3,DPZ,7995256093.994141,3618774000,,Domino's
2019-09-30,2019,3,MCD,136992488649.92578,21076500000,,McDonald's
2019-09-30,2019,3,YUM,28857648476.07422,5597000000,,Yum! Brands
2019-12-31,2019,4,CMG,22812754654.538574,5586369000,,Chipotle Mexican Grill
2019-12-31,2019,4,DPZ,9624505108.398438,3618774000,,Domino's
2019-12-31,2019,4,MCD,126890131950.03516,21076500000,,McDonald's
2019-12-31,2019,4,YUM,25736861195.06836,5597000000,,Yum! Brands
2020-03-31,2020,1,CMG,17833577697.209717,5984634000,,Chipotle Mexican Grill
2020-03-31,2020,1,DRI,5613617362.976074,7806900000,,Darden Restaurants
2020-03-31,2020,1,MCD,106839620449.83984,19207800000,,McDonald's
2020-03-31,2020,1,SBUX,67695723573.648926,23518000000,,Starbucks
2020-03-31,2020,1,YUM,17588124655.88379,5652000000,,Yum! Brands
2020-06-30,2020,2,CMG,28678702214.793945,5984634000,,Chipotle Mexican Grill
2020-06-30,2020,2,DRI,7810206317.901611,7806900000,,Darden Restaurants
2020-06-30,2020,2,MCD,119988552674.5664,19207800000,,McDonald's
2020-06-30,2020,2,SBUX,76207502654.96484,23518000000,,Starbucks
2020-06-30,2020,2,YUM,22422106184.32617,5652000000,,Yum! Brands
2020-09-30,2020,3,CMG,33893336102.61963,5984634000,,Chipotle Mexican Grill
2020-09-30,2020,3,DRI,10384058914.18457,7806900000,,Darden Restaurants
2020-09-30,2020,3,MCD,143602602060.02344,19207800000,,McDonald's
2020-09-30,2020,3,SBUX,89460075226.06055,23518000000,,Starbucks
2020-09-30,2020,3,YUM,23669905416.503902,5652000000,,Yum! Brands
2020-12-31,2020,4,CMG,37790341598.06445,5984634000,,Chipotle Mexican Grill
2020-12-31,2020,4,DRI,12315042934.417725,7806900000,,Darden Restaurants
2020-12-31,2020,4,MCD,141224610193.27734,19207800000,,McDonald's
2020-12-31,2020,4,SBUX,111913056340.12791,23518000000,,Starbucks
2020-12-31,2020,4,YUM,28271178259.277344,5652000000,,Yum! Brands
2021-03-31,2021,1,CMG,38719902351.18457,7547061000,,Chipotle Mexican Grill
2021-03-31,2021,1,DPZ,12182761664.672852,4117411000,,Domino's
2021-03-31,2021,1,DRI,14725523986.816406,7196100000,,Darden Restaurants
2021-03-31,2021,1,MCD,148424128708.4297,23222900000,,McDonald's
2021-03-31,2021,1,SBUX,114795303949.57324,29060600000,,Starbucks
2021-03-31,2021,1,YUM,28307243937.74414,6584000000,,Yum! Brands
2021-06-30,2021,2,CMG,42249553712.00244,7547061000,,Chipotle Mexican Grill
2021-06-30,2021,2,DPZ,15484257134.033203,4117411000,,Domino's
2021-06-30,2021,2,DRI,15231251258.850098,7196100000,,Darden Restaurants
2021-06-30,2021,2,MCD,153804946149.6328,23222900000,,McDonald's
2021-06-30,2021,2,SBUX,117931099894.57616,29060600000,,Starbucks
2021-06-30,2021,2,YUM,30225099572.753902,6584000000,,Yum! Brands
2021-09-30,2021,3,CMG,49530688452.20996,7547061000,,Chipotle Mexican Grill
2021-09-30,2021,3,DPZ,15860959227.172852,4117411000,,Domino's
2021-09-30,2021,3,DRI,15920685234.069824,7196100000,,Darden Restaurants
2021-09-30,2021,3,MCD,161423517238.73438,23222900000,,McDonald's
2021-09-30,2021,3,SBUX,116800566098.7744,29060600000,,Starbucks
2021-09-30,2021,3,YUM,32257952749.51172,6584000000,,Yum! Brands
2021-12-31,2021,4,CMG,47642957879.59473,7547061000,,Chipotle Mexican Grill
2021-12-31,2021,4,DPZ,18799270119.38477,4117411000,,Domino's
2021-12-31,2021,4,DRI,15944919967.651367,7196100000,,Darden Restaurants
2021-12-31,2021,4,MCD,180468250074.6328,23222900000,,McDonald's
2021-12-31,2021,4,SBUX,124386460062.16992,29060600000,,Starbucks
2021-12-31,2021,4,YUM,36768059630.859375,6584000000,,Yum! Brands
2022-03-31,2022,1,CMG,43113163913.85693,8634652000,,Chipotle Mexican Grill
2022-03-31,2022,1,DPZ,13597252158.081057,4357373000,,Domino's
2022-03-31,2022,1,DRI,14178265800.476074,9630000000,,Darden Restaurants
2022-03-31,2022,1,MCD,167398223034.09375,23182600000,,McDonald's
2022-03-31,2022,1,SBUX,97228440279.20216,32250300000,,Starbucks
2022-03-31,2022,1,YUM,31530686075.683594,6842000000,,Yum! Brands
2022-06-30,2022,2,CMG,35625187806.86279,8634652000,,Chipotle Mexican Grill
2022-06-30,2022,2,DPZ,13057032066.28418,4357373000,,Domino's
2022-06-30,2022,2,DRI,12167690124.51172,9630000000,,Darden Restaurants
2022-06-30,2022,2,MCD,168053684987.4961,23182600000,,McDonald's
2022-06-30,2022,2,SBUX,82220426641.39746,32250300000,,Starbucks
2022-06-30,2022,2,YUM,30344928156.73828,6842000000,,Yum! Brands
2022-09-30,2022,3,CMG,40952914311.26807,8634652000,,Chipotle Mexican Grill
2022-09-30,2022,3,DPZ,10425823920.043943,4357373000,,Domino's
2022-09-30,2022,3,DRI,13729886474.609377,9630000000,,Darden Restaurants
2022-09-30,2022,3,MCD,157926801634.59375,23182600000,,McDonald's
2022-09-30,2022,3,SBUX,91207836940.7461,32250300000,,Starbucks
2022-09-30,2022,3,YUM,28567543218.75,6842000000,,Yum! Brands
2022-12-31,2022,4,CMG,37811598279.92139,8634652000,,Chipotle Mexican Grill
2022-12-31,2022,4,DPZ,11678005161.254885,4357373000,,Domino's
2022-12-31,2022,4,DRI,15173207664.489746,9630000000,,Darden Restaurants
2022-12-31,2022,4,MCD,181385271341.47263,23182600000,,McDonald's
2022-12-31,2022,4,SBUX,107996863541.58104,32250300000,,Starbucks
2022-12-31,2022,4,YUM,34565547234.375,6842000000,,Yum! Brands
2023-03-31,2023,1,CMG,46553973312.01465,9871649000,76.71,Chipotle Mexican Grill
2023-03-31,2023,1,DPZ,11165382848.266602,4537158000,,Domino's
2023-03-31,2023,1,DRI,17160538291.931152,10487800000,,Darden Restaurants
2023-03-31,2023,1,MCD,193564192481.9297,25493700000,20.96,McDonald's
2023-03-31,2023,1,SBUX,113932094624.20898,35975600000,,Starbucks
2023-03-31,2023,1,YUM,35809128619.62891,7076000000,26.42,Yum! Brands
2023-06-30,2023,2,CMG,58291596483.24219,9871649000,76.71,Chipotle Mexican Grill
2023-06-30,2023,2,DPZ,11452282561.645508,4479358000,,Domino's
2023-06-30,2023,2,DRI,18626123809.814453,10487800000,,Darden Restaurants
2023-06-30,2023,2,MCD,207675295572.375,25493700000,20.96,McDonald's
2023-06-30,2023,2,SBUX,108924525806.84473,35975600000,,Starbucks
2023-06-30,2023,2,YUM,37738522120.60547,7076000000,26.42,Yum! Brands
2023-09-30,2023,3,CMG,49920663709.086914,9871649000,76.71,Chipotle Mexican Grill
2023-09-30,2023,3,DPZ,12912223818.847656,4479358000,,Domino's
2023-09-30,2023,3,DRI,16094677963.256836,10487800000,,Darden Restaurants
2023-09-30,2023,3,MCD,184323975519.02344,25493700000,20.96,McDonald's
2023-09-30,2023,3,SBUX,100893938555.44336,35975600000,,Starbucks
2023-09-30,2023,3,YUM,34190844444.58008,7076000000,26.42,Yum! Brands
2023-12-31,2023,4,CMG,62323775139.22754,9871649000,76.71,Chipotle Mexican Grill
2023-12-31,2023,4,DPZ,14094468486.328123,4479358000,,Domino's
2023-12-31,2023,4,DRI,18636608734.13086,10487800000,,Darden Restaurants
2023-12-31,2023,4,MCD,208705546215.9141,25493700000,20.96,McDonald's
2023-12-31,2023,4,SBUX,106716971537.6748,35975600000,,Starbucks
2023-12-31,2023,4,YUM,35925299323.24219,7076000000,26.42,Yum! Brands
2024-03-31,2024,1,DRI,19112597045.89844,11390000000,45.9,Darden Restaurants
2024-06-30,2024,2,DRI,17447245750.427246,11390000000,45.9,Darden Restaurants
2024-09-30,2024,3,DRI,19415471153.259277,11390000000,45.9,Darden Restaurants
