Date,Year,Quarter,Ticker,MarketCap,Revenue,Revenue_YoY_Growth,Company_Name
2019-09-30,2019,3,CPAY,19991720494.903564,2648848000,,Corpay
2019-09-30,2019,3,FI,58934314640.39648,10187000000,,Fiserv
2019-09-30,2019,3,FIS,64882732500.39697,10333000000,,Fidelity National Information Services
2019-09-30,2019,3,GPN,39074948238.96387,4911892000,,Global Payments
2019-09-30,2019,3,MA,240225288351.5625,16883000000,,Mastercard
2019-09-30,2019,3,PYPL,103853118243.46877,17772000000,,PayPal
2019-12-31,2019,4,CPAY,20057249005.096436,2648848000,,Corpay
2019-12-31,2019,4,FI,65784099632.29736,10187000000,,Fiserv
2019-12-31,2019,4,FIS,68152401632.65283,10333000000,,Fidelity National Information Services
2019-12-31,2019,4,GPN,44914978803.63232,4911892000,,Global Payments
2019-12-31,2019,4,MA,264447192217.77344,16883000000,,Mastercard
2019-12-31,2019,4,PYPL,108444753425.73438,17772000000,,PayPal
2020-03-31,2020,1,CPAY,13003889471.969604,2388855000,,Corpay
2020-03-31,2020,1,FI,54041612314.89795,14852000000,,Fiserv
2020-03-31,2020,1,FIS,59759411598.509766,12552000000,,Fidelity National Information Services
2020-03-31,2020,1,GPN,35524933935.01758,7423558000,,Global Payments
2020-03-31,2020,1,JKHY,10741106610.649414,1697067000,,Jack Henry & Associates
2020-03-31,2020,1,MA,214223804182.86133,15301000000,,Mastercard
2020-03-31,2020,1,PYPL,95983180522.02344,21454000000,,PayPal
2020-03-31,2020,1,V,269921165797.7539,21846000000,,Visa Inc.
2020-06-30,2020,2,CPAY,17534407744.903564,2388855000,,Corpay
2020-06-30,2020,2,FI,55537871999.70264,14852000000,,Fiserv
2020-06-30,2020,2,FIS,66039537217.069336,12552000000,,Fidelity National Information Services
2020-06-30,2020,2,GPN,41821829172.47949,7423558000,,Global Payments
2020-06-30,2020,2,JKHY,12763221102.736328,1697067000,,Jack Henry & Associates
2020-06-30,2020,2,MA,262642555233.39844,15301000000,,Mastercard
2020-06-30,2020,2,PYPL,174672545492.04688,21454000000,,PayPal
2020-06-30,2020,2,V,324155792273.8633,21846000000,,Visa Inc.
2020-09-30,2020,3,CPAY,16598189525.482178,2388855000,,Corpay
2020-09-30,2020,3,FI,58627102213.00293,14852000000,,Fiserv
2020-09-30,2020,3,FIS,72672448330.57617,12552000000,,Fidelity National Information Services
2020-09-30,2020,3,GPN,43835627325.30615,7423558000,,Global Payments
2020-09-30,2020,3,JKHY,11306063561.601562,1697067000,,Jack Henry & Associates
2020-09-30,2020,3,MA,300765789472.65625,15301000000,,Mastercard
2020-09-30,2020,3,PYPL,197530461281.15625,21454000000,,PayPal
2020-09-30,2020,3,V,336074027582.0117,21846000000,,Visa Inc.
2020-12-31,2020,4,CPAY,19019251193.93921,2388855000,,Corpay
2020-12-31,2020,4,FI,64777114954.600586,14852000000,,Fiserv
2020-12-31,2020,4,FIS,70000007434.69043,12552000000,,Fidelity National Information Services
2020-12-31,2020,4,GPN,53230048656.842285,7423558000,,Global Payments
2020-12-31,2020,4,JKHY,11294534532.222656,1697067000,,Jack Henry & Associates
2020-12-31,2020,4,MA,317829375938.96484,15301000000,,Mastercard
2020-12-31,2020,4,PYPL,234794872434.89062,21454000000,,PayPal
2020-12-31,2020,4,V,368156421599.83984,21846000000,,Visa Inc.
2021-03-31,2021,1,CPAY,18726466270.385742,2833736000,,Corpay
2021-03-31,2021,1,FI,67724115423.90088,16226000000,,Fiserv
2021-03-31,2021,1,FIS,69766366931.56348,13877000000,,Fidelity National Information Services
2021-03-31,2021,1,GPN,49856591818.010254,8523762000,,Global Payments
2021-03-31,2021,1,JKHY,10611610985.180664,1758225000,,Jack Henry & Associates
2021-03-31,2021,1,MA,317438725174.8047,18884000000,,Mastercard
2021-03-31,2021,1,PYPL,243456817699.46875,25371000000,,PayPal
2021-03-31,2021,1,V,356927594270.9922,24105000000,,Visa Inc.
2021-06-30,2021,2,CPAY,17850198489.80713,2833736000,,Corpay
2021-06-30,2021,2,FI,60811748997.399414,16226000000,,Fiserv
2021-06-30,2021,2,FIS,70481713331.01855,13877000000,,Fidelity National Information Services
2021-06-30,2021,2,GPN,46431269816.10986,8523762000,,Global Payments
2021-06-30,2021,2,JKHY,11469941433.433594,1758225000,,Jack Henry & Associates
2021-06-30,2021,2,MA,325884814271.97266,18884000000,,Mastercard
2021-06-30,2021,2,PYPL,292220379541.59375,25371000000,,PayPal
2021-06-30,2021,2,V,394738730341.0508,24105000000,,Visa Inc.
2021-09-30,2021,3,CPAY,18213392204.13208,2833736000,,Corpay
2021-09-30,2021,3,FI,61727708896.0,16226000000,,Fiserv
2021-09-30,2021,3,FIS,60718711968.90967,13877000000,,Fidelity National Information Services
2021-09-30,2021,3,GPN,39071208634.88818,8523762000,,Global Payments
2021-09-30,2021,3,JKHY,11539204671.347656,1758225000,,Jack Henry & Associates
2021-09-30,2021,3,MA,310709998540.52734,18884000000,,Mastercard
2021-09-30,2021,3,PYPL,260870933160.09375,25371000000,,PayPal
2021-09-30,2021,3,V,376562830484.33594,24105000000,,Visa Inc.
2021-12-31,2021,4,CPAY,15604109984.710691,2833736000,,Corpay
2021-12-31,2021,4,FI,59048101039.90088,16226000000,,Fiserv
2021-12-31,2021,4,FIS,54669286015.97901,13877000000,,Fidelity National Information Services
2021-12-31,2021,4,GPN,33582696970.04834,8523762000,,Global Payments
2021-12-31,2021,4,JKHY,11781917680.919922,1758225000,,Jack Henry & Associates
2021-12-31,2021,4,MA,321518114193.3594,18884000000,,Mastercard
2021-12-31,2021,4,PYPL,189059001070.2656,25371000000,,PayPal
2021-12-31,2021,4,V,366997033642.168,24105000000,,Visa Inc.
2022-03-31,2022,1,CPAY,17362221489.80713,3427129000,,Corpay
2022-03-31,2022,1,FI,57688385034.501465,17737000000,,Fiserv
2022-03-31,2022,1,FIS,50555066678.15625,14528000000,,Fidelity National Information Services
2022-03-31,2022,1,GPN,34061572105.875,8975515000,,Global Payments
2022-03-31,2022,1,JKHY,13939642993.375,1942884000,,Jack Henry & Associates
2022-03-31,2022,1,MA,320201742023.9258,22237000000,,Mastercard
2022-03-31,2022,1,PYPL,115943756230.55469,27518000000,,PayPal
2022-03-31,2022,1,V,376177152321.6992,29310000000,,Visa Inc.
2022-06-30,2022,2,CPAY,14646978252.548218,3427129000,,Corpay
2022-06-30,2022,2,FI,50616721989.20117,17737000000,,Fiserv
2022-06-30,2022,2,FIS,46359986631.08203,14528000000,,Fidelity National Information Services
2022-06-30,2022,2,GPN,27593994814.479004,8975515000,,Global Payments
2022-06-30,2022,2,JKHY,12768933293.711914,1942884000,,Jack Henry & Associates
2022-06-30,2022,2,MA,283052897243.16406,22237000000,,Mastercard
2022-06-30,2022,2,PYPL,70017392163.46875,27518000000,,PayPal
2022-06-30,2022,2,V,334612311312.1406,29310000000,,Visa Inc.
2022-09-30,2022,3,CPAY,12280986742.355349,3427129000,,Corpay
2022-09-30,2022,3,FI,53233748410.69971,17737000000,,Fiserv
2022-09-30,2022,3,FIS,38425229188.37695,14528000000,,Fidelity National Information Services
2022-09-30,2022,3,GPN,26998997788.02393,8975515000,,Global Payments
2022-09-30,2022,3,JKHY,12960802125.921877,1942884000,,Jack Henry & Associates
2022-09-30,2022,3,MA,255504666742.1875,22237000000,,Mastercard
2022-09-30,2022,3,PYPL,86288620248.28906,27518000000,,PayPal
2022-09-30,2022,3,V,302448868026.6758,29310000000,,Visa Inc.
2022-12-31,2022,4,CPAY,12804515969.421389,3427129000,,Corpay
2022-12-31,2022,4,FI,57500640730.69971,17737000000,,Fiserv
2022-12-31,2022,4,FIS,34735640498.45654,14528000000,,Fidelity National Information Services
2022-12-31,2022,4,GPN,24881236311.921875,8975515000,,Global Payments
2022-12-31,2022,4,JKHY,12516659517.018557,1942884000,,Jack Henry & Associates
2022-12-31,2022,4,MA,312970380852.53906,22237000000,,Mastercard
2022-12-31,2022,4,PYPL,71400902302.84375,27518000000,,PayPal
2022-12-31,2022,4,V,354501695816.26953,29310000000,,Visa Inc.
2023-03-31,2023,1,CPAY,14698564775.482178,3757719000,41.86,Corpay
2023-03-31,2023,1,FI,64304911162.79883,19093000000,87.43,Fiserv
2023-03-31,2023,1,FIS,28045900575.42041,9821000000,-4.95,Fidelity National Information Services
2023-03-31,2023,1,GPN,26430711941.874756,9654419000,96.55,Global Payments
2023-03-31,2023,1,JKHY,10779709265.507812,2077702000,,Jack Henry & Associates
2023-03-31,2023,1,MA,327613822602.53906,25098000000,48.66,Mastercard
2023-03-31,2023,1,PYPL,76132892477.6875,29771000000,67.52,PayPal
2023-03-31,2023,1,V,385456804261.7149,32653000000,,Visa Inc.
2023-06-30,2023,2,CPAY,17503038007.644653,3757719000,41.86,Corpay
2023-06-30,2023,2,FI,71769129690.50146,19093000000,87.43,Fiserv
2023-06-30,2023,2,FIS,28506114946.317627,9821000000,-4.95,Fidelity National Information Services
2023-06-30,2023,2,GPN,24804640444.22632,9654419000,96.55,Global Payments
2023-06-30,2023,2,JKHY,12010406433.213867,2077702000,,Jack Henry & Associates
2023-06-30,2023,2,MA,355115858754.8828,25098000000,48.66,Mastercard
2023-06-30,2023,2,PYPL,66899499700.82031,29771000000,67.52,PayPal
2023-06-30,2023,2,V,406798253165.34375,32653000000,,Visa Inc.
2023-09-30,2023,3,CPAY,17800006484.710693,3757719000,41.86,Corpay
2023-09-30,2023,3,FI,64265087008.09912,19093000000,87.43,Fiserv
2023-09-30,2023,3,FIS,29076479289.313477,9821000000,-4.95,Fidelity National Information Services
2023-09-30,2023,3,GPN,29109889731.8208,9654419000,96.55,Global Payments
2023-09-30,2023,3,JKHY,10885167154.171877,2077702000,,Jack Henry & Associates
2023-09-30,2023,3,MA,357989414066.40625,25098000000,48.66,Mastercard
2023-09-30,2023,3,PYPL,58608489352.86719,29771000000,67.52,PayPal
2023-09-30,2023,3,V,394743199289.25,32653000000,,Visa Inc.
2023-12-31,2023,4,CPAY,19701024688.842773,3757719000,41.86,Corpay
2023-12-31,2023,4,FI,75575194688.39648,19093000000,87.43,Fiserv
2023-12-31,2023,4,FIS,31882855618.123535,9821000000,-4.95,Fidelity National Information Services
2023-12-31,2023,4,GPN,32100877884.237305,9654419000,96.55,Global Payments
2023-12-31,2023,4,JKHY,11808216470.125977,2077702000,,Jack Henry & Associates
2023-12-31,2023,4,MA,386217607590.8203,25098000000,48.66,Mastercard
2023-12-31,2023,4,PYPL,61565983212.14453,29771000000,67.52,PayPal
2023-12-31,2023,4,V,447764017124.8828,32653000000,,Visa Inc.
2024-03-31,2024,1,JKHY,12593686703.454102,2215543000,30.55,Jack Henry & Associates
2024-06-30,2024,2,JKHY,12074241364.131836,2215543000,30.55,Jack Henry & Associates
2024-09-30,2024,3,JKHY,12840106903.817385,2215543000,30.55,Jack Henry & Associates
